<record><leader>00000cas a22000007a 4500</leader><controlfield tag="001">14516352</controlfield><controlfield tag="008">861024d18751881paudn ne      0    0eng d</controlfield><datafield ind1=" " ind2=" " tag="010"><subfield code="a">sn 86081904 </subfield></datafield><datafield ind1=" " ind2=" " tag="040"><subfield code="a">NPH</subfield><subfield code="b">eng</subfield><subfield code="c">NPH</subfield><subfield code="d">NPX</subfield><subfield code="d">OCLCQ</subfield></datafield><datafield ind1=" " ind2=" " tag="042"><subfield code="a">msc</subfield></datafield><datafield ind1="0" ind2=" " tag="130"><subfield code="a">Daily banner (Williamsport, Pa.)</subfield></datafield><datafield ind1="1" ind2="0" tag="245"><subfield code="a">Daily banner.</subfield></datafield><datafield ind1=" " ind2=" " tag="260"><subfield code="a">Williamsport, Pa. :</subfield><subfield code="b">[s.n.],</subfield><subfield code="c">-1881.</subfield></datafield><datafield ind1=" " ind2=" " tag="300"><subfield code="a">v. ;</subfield><subfield code="c">34-48 cm.</subfield></datafield><datafield ind1=" " ind2=" " tag="310"><subfield code="a">Daily (except Sun.)</subfield></datafield><datafield ind1="1" ind2=" " tag="362"><subfield code="a">Began with Feb. 1, 1875 issue.</subfield><subfield code="z">Cf. Lloyd, T.W. Hist. of Lycoming Co. Pa.</subfield></datafield><datafield ind1="0" ind2=" " tag="362"><subfield code="a">-v. 7, no. 114 (June 18, 1881).</subfield></datafield><datafield ind1=" " ind2=" " tag="525"><subfield code="a">Supplements accompany some issues.</subfield></datafield><datafield ind1=" " ind2=" " tag="580"><subfield code="a">Weekly eds.: Democratic banner (Williamsport, Pa.); Weekly Democratic banner.</subfield></datafield><datafield ind1=" " ind2=" " tag="580"><subfield code="a">Merged with: Williamsport sun and Lycoming Democrat, to form: Daily sun and banner (Williamsport, Pa.). Cf. Lloyd, T.W. Hist. of Lycoming Co. Pa.</subfield></datafield><datafield ind1=" " ind2=" " tag="588"><subfield code="a">Description based on: Vol. 1, no. 117 (June 18, 1875).</subfield></datafield><datafield ind1=" " ind2=" " tag="752"><subfield code="a">United States</subfield><subfield code="b">Pennsylvania</subfield><subfield code="c">Lycoming</subfield><subfield code="d">Williamsport.</subfield></datafield><datafield ind1="1" ind2=" " tag="775"><subfield code="t">Democratic banner (Williamsport, Pa.)</subfield><subfield code="w">(DLC)sn 86081364</subfield></datafield><datafield ind1="1" ind2=" " tag="775"><subfield code="t">Weekly Democratic banner</subfield><subfield code="w">(DLC)sn 86081905</subfield></datafield><datafield ind1="1" ind2="7" tag="785"><subfield code="t">Williamsport sun and Lycoming Democrat</subfield><subfield code="w">(DLC)sn 84026588</subfield></datafield><datafield ind1="1" ind2="7" tag="785"><subfield code="t">Daily sun and banner (Williamsport, Pa.)</subfield><subfield code="w">(DLC)sn 85054440</subfield></datafield></record>